@inproceedings{abuolaim2020defocus,
  title        = {Defocus Deblurring Using Dual-Pixel Data},
  author       = {Abuolaim, Abdullah and Brown, Michael S},
  booktitle    = {European Conference on Computer Vision},
  pages        = {111--126},
  year         = {2020},
  organization = {Springer}
}

@article{alhashim2018high,
  title   = {High quality monocular depth estimation via transfer learning},
  author  = {Alhashim, Ibraheem and Wonka, Peter},
  journal = {arXiv preprint arXiv:1812.11941},
  year    = {2018}
}

@article{amza2012review,
  title   = {A review on neural network-based image segmentation techniques},
  author  = {Amza, Catalin},
  journal = {De Montfort University, Mechanical and Manufacturing Engg., The Gateway Leicester, LE1 9BH, United Kingdom},
  pages   = {1--23},
  year    = {2012}
}

@incollection{bottou2010large,
  title     = {Large-scale machine learning with stochastic gradient descent},
  author    = {Bottou, L{\'e}on},
  booktitle = {Proceedings of COMPSTAT'2010},
  pages     = {177--186},
  year      = {2010},
  publisher = {Springer}
}

@inproceedings{cordts2016cityscapes,
  title     = {The cityscapes dataset for semantic urban scene understanding},
  author    = {Cordts, Marius and Omran, Mohamed and Ramos, Sebastian and Rehfeld, Timo and Enzweiler, Markus and Benenson, Rodrigo and Franke, Uwe and Roth, Stefan and Schiele, Bernt},
  booktitle = {Proceedings of the IEEE conference on computer vision and pattern recognition},
  pages     = {3213--3223},
  year      = {2016}
}

@incollection{drozdzal2016importance,
  title     = {The importance of skip connections in biomedical image segmentation},
  author    = {Drozdzal, Michal and Vorontsov, Eugene and Chartrand, Gabriel and Kadoury, Samuel and Pal, Chris},
  booktitle = {Deep learning and data labeling for medical applications},
  pages     = {179--187},
  year      = {2016},
  publisher = {Springer}
}

@article{geiger2013vision,
  title     = {Vision meets robotics: The kitti dataset},
  author    = {Geiger, Andreas and Lenz, Philip and Stiller, Christoph and Urtasun, Raquel},
  journal   = {The International Journal of Robotics Research},
  volume    = {32},
  number    = {11},
  pages     = {1231--1237},
  year      = {2013},
  publisher = {Sage Publications Sage UK: London, England}
}

@article{howat2014greenland,
  title     = {The Greenland Ice Mapping Project (GIMP) land classification and surface elevation data sets},
  author    = {Howat, Ian M and Negrete, A and Smith, Benjamin E},
  journal   = {The Cryosphere},
  volume    = {8},
  number    = {4},
  pages     = {1509--1518},
  year      = {2014},
  publisher = {Copernicus GmbH}
}

@article{kim2021survey,
  title     = {A Survey on Deep Learning Based Methods and Datasets for Monocular 3D Object Detection},
  author    = {Kim, Seong-heum and Hwang, Youngbae},
  journal   = {Electronics},
  volume    = {10},
  number    = {4},
  pages     = {517},
  year      = {2021},
  publisher = {Multidisciplinary Digital Publishing Institute}
}

@inproceedings{li2018megadepth,
  title     = {Megadepth: Learning single-view depth prediction from internet photos},
  author    = {Li, Zhengqi and Snavely, Noah},
  booktitle = {Proceedings of the IEEE Conference on Computer Vision and Pattern Recognition},
  pages     = {2041--2050},
  year      = {2018}
}

@article{marchand2015pose,
  title     = {Pose estimation for augmented reality: a hands-on survey},
  author    = {Marchand, Eric and Uchiyama, Hideaki and Spindler, Fabien},
  journal   = {IEEE transactions on visualization and computer graphics},
  volume    = {22},
  number    = {12},
  pages     = {2633--2651},
  year      = {2015},
  publisher = {IEEE}
}

@inproceedings{mayer2016large,
  title     = {A large dataset to train convolutional networks for disparity, optical flow, and scene flow estimation},
  author    = {Mayer, Nikolaus and Ilg, Eddy and Hausser, Philip and Fischer, Philipp and Cremers, Daniel and Dosovitskiy, Alexey and Brox, Thomas},
  booktitle = {Proceedings of the IEEE conference on computer vision and pattern recognition},
  pages     = {4040--4048},
  year      = {2016}
}

@article{perez2017effectiveness,
  title   = {The effectiveness of data augmentation in image classification using deep learning},
  author  = {Perez, Luis and Wang, Jason},
  journal = {arXiv preprint arXiv:1712.04621},
  year    = {2017}
}

@inproceedings{ros2016synthia,
  title     = {The synthia dataset: A large collection of synthetic images for semantic segmentation of urban scenes},
  author    = {Ros, German and Sellart, Laura and Materzynska, Joanna and Vazquez, David and Lopez, Antonio M},
  booktitle = {Proceedings of the IEEE conference on computer vision and pattern recognition},
  pages     = {3234--3243},
  year      = {2016}
}

@inproceedings{saxena2008make3d,
  title     = {Make3D: Depth Perception from a Single Still Image.},
  author    = {Saxena, Ashutosh and Sun, Min and Ng, Andrew Y},
  booktitle = {AAAI},
  volume    = {3},
  pages     = {1571--1576},
  year      = {2008}
}

@inproceedings{silberman2012indoor,
  title        = {Indoor segmentation and support inference from rgbd images},
  author       = {Silberman, Nathan and Hoiem, Derek and Kohli, Pushmeet and Fergus, Rob},
  booktitle    = {European conference on computer vision},
  pages        = {746--760},
  year         = {2012},
  organization = {Springer}
}

@article{smith2018disciplined,
  title   = {A disciplined approach to neural network hyper-parameters: Part 1--learning rate, batch size, momentum, and weight decay},
  author  = {Smith, Leslie N},
  journal = {arXiv preprint arXiv:1803.09820},
  year    = {2018}
}

@inproceedings{xian2018monocular,
  title     = {Monocular relative depth perception with web stereo data supervision},
  author    = {Xian, Ke and Shen, Chunhua and Cao, Zhiguo and Lu, Hao and Xiao, Yang and Li, Ruibo and Luo, Zhenbo},
  booktitle = {Proceedings of the IEEE Conference on Computer Vision and Pattern Recognition},
  pages     = {311--320},
  year      = {2018}
}

@inproceedings{zhang2018deep,
  title     = {Deep depth completion of a single rgb-d image},
  author    = {Zhang, Yinda and Funkhouser, Thomas},
  booktitle = {Proceedings of the IEEE Conference on Computer Vision and Pattern Recognition},
  pages     = {175--185},
  year      = {2018}
}

@article{zhou2019unet++,
  title     = {Unet++: Redesigning skip connections to exploit multiscale features in image segmentation},
  author    = {Zhou, Zongwei and Siddiquee, Md Mahfuzur Rahman and Tajbakhsh, Nima and Liang, Jianming},
  journal   = {IEEE transactions on medical imaging},
  volume    = {39},
  number    = {6},
  pages     = {1856--1867},
  year      = {2019},
  publisher = {IEEE}
}

